3060 5046
157 339 185 418 ii
568 362 873 419 runrnrro.

156 543 300 644 ipsius,
331 536 482 642 partim
502 567 555 621 ex
580 503 758 621 aliorum
784 536 1077 619 collationibus
1104 535 1302 615 lectiones

29 658 33 665 ¹
155 701 334 801 optimas
367 701 549 784 indicare
582 701 708 781 volui.
772 701 917 781 Unum
953 698 1137 780 codicem
1171 695 1342 798 (Bibl.„
1400 759 1402 763 -

155 863 263 966 Reg.
283 864 393 945 Par.
428 865 556 947 Num.
590 870 849 960 nunccxrv.)
893 863 1084 945 accurate
1111 862 1297 953 contuli;

156 1056 211 1111 ex
239 1055 324 1130 quo
353 1039 507 1124 tamen,
543 1056 569 1109 a
598 990 844 1131 Musgravio
878 1030 993 1130 prius
1023 1027 1192 1120 collato,
1223 1027 1299 1106 vix

154 1154 228 1290 aut
251 1221 304 1275 ue
328 1195 401 1276 vix
427 1193 587 1296 aliquid
616 1193 894 1275 hauriendum
923 1192 1070 1294 reperi.
1114 1189 1297 1282 VV·DD‚

154 1365 196 1439 et
232 1334 473 1458 praesertim
503 1357 682 1439 Porsoni
727 1358 1000 1458 conjecturas,
1049 1356 1135 1458 qua
1179 1355 1298 1459 potui

151 1514 383 1616 diligentit,
411 1516 456 1597 in
488 1517 598 1597 notis
619 1515 826 1608 indicavi3
864 1516 1028 1597 nullam
1054 1524 1195 1598 tamen
1222 1543 1300 1597 no-

152 1700 249 1756 vam
278 1672 514 1770 lectionem,
556 1674 638 1757 nisi
663 1677 827 1762 monito,
852 1677 1017 1775 lectore,
1057 1680 1102 1759 in
1133 1687 1299 1760 textum

153 1835 300 1936 recepi.
354 1835 577 1931 Praeterea,
598 1825 705 1916 'cum
735 1863 1091 1938 supervacaneum
1116 1843 1222 1917 esset
1245 1835 1298 1917 de
1327 1892 1332 1896 -

152 1996 268 2075 omni
295 1995 493 2077 varietate
520 1995 762 2092 lectionum,
798 2023 842 2077 re
875 1997 1015 2099 pueris
1047 1997 1297 2099 plerumque

151 2153 369 2251 l'astiditd,¹
411 2155 667 2238 mentionem
718 2155 865 2253 facere,
932 2157 982 2238 iis
1041 2157 1140 2239 satis
1196 2182 1298 2237 con-

151 2318 309 2400 sultum
342 2346 429 2399 esse
463 2317 583 2446 duxi,
627 2318 798 2420 quando
840 2319 1074 2421 praecipuas
1109 2325 1298 2413 tautum-

74 2582 82 2588 ·
139 2479 277 2595 modo
310 2479 530 2559 varietates
561 2488 815 2560 notaveram.
881 2479 1008 2568 Quod
1043 2479 1097 2560 ad
1131 2478 1298 2559 chorica

66 2612 70 2619 ⁵
101 2764 109 2771 Ι
153 2651 324 2748 spectat,
349 2641 583 2726 Seidlerum
601 2643 863 2746 plerumque,
892 2645 966 2746 qui
984 2643 1139 2746 Lipsiae
1164 2668 1299 2745 nuper

151 2812 262 2893 hanc
288 2770 478 2892 fabulam
502 2812 611 2896 bene
637 2813 855 2907 recensuit,
883 2811 1034 2894 ducem
1060 2814 1204 2895 habui.

209 3146 354 3231 Pauca
375 3149 572 3251 quaedam
597 3149 649 3230 de
674 3149 845 3232 scenicis
868 3113 1064 3232 disserere
1088 3116 1297 3233 inanimo

153 3323 266 3402 erat;
316 3341 360 3395 re
394 3323 535 3397 tamen
570 3314 703 3417 magis
737 3317 954 3418 perpensa,
999 3317 1129 3397 satius
1162 3325 1298 3396 tacere

151 3480 271 3576 duxi,
307 3507 435 3582 quam
462 3502 610 3583 parum
635 3483 797 3575 dicere;
836 3511 969 3585 eoque
1003 3483 1147 3585 magis,
1183 3484 1298 3585 quod

152 3641 246 3725 haec
288 3643 429 3724 omnia
476 3671 612 3747 nuper
653 3646 697 3727 in
742 3645 894 3728 Museo
937 3614 1095 3728 Oritico
1138 3649 1297 3731 Oanta-

152 3800 351 3912 brigiensi
393 3811 688 3894 Blomfieldius
735 3813 981 3896 exantlavit.
1051 3813 1298 3896 Similisne

92 4057 94 4061 ,
153 3973 313 4055 ratione
360 3974 412 4056 de
465 3976 765 4059 Grammaticae
814 3978 982 4080 regulis,
1031 4007 1057 4060 a
1098 3978 1297 4061 Matthiae

152 4149 240 4223 tam
274 4140 457 4225 dilucide
491 4144 702 4249 expositis,
746 4148 919 4230 omnino
951 4116 1077 4230 tacui.
1148 4148 1297 4249 Ipsum
1324 4265 1346 4271 ⁴.

77 4375 80 4391 .
134 4302 262 4384 ¹enim
292 4303 449 4389 librum
476 4305 531 4388 ab
557 4305 753 4390 omnibus
780 4307 1058 4390 evolvendum
1084 4305 1193 4401 volo,
1223 4290 1304 4407 qui
1394 4357 1396 4362 -
