3060 5046
624 388 965 468 ΕΥΡΙΠΙΔΟΥ

315 589 538 697 πράσσονθ’
567 588 592 669 ά
621 589 820 695 πράσσω,
839 588 927 668 δείν’
947 595 1010 668 ὑπ’
1032 586 1233 686 Αἰγίσθου
1245 578 1396 675 παθιδν,

315 744 356 827 ός
383 780 457 848 μου
485 747 663 829 κατέκτα
692 748 862 856 πατέρα,
893 746 1227 854 χ’ἡπανιόλεθρος
1297 854 1302 859 ¹
1343 745 1399 824 86

217 950 221 955 ·
314 907 457 1015 μάτηρ·
495 917 669 1019 α’φῖημαι
698 909 729 989 δ’
758 913 920 992 ἐκ-θεοῦ
946 909 1177 1017 μυστηρίων
1245 968 1249 981 .
1334 865 1346 893 ’

236 1062 240 1075 ’
315 1072 495 1174 Ἀργεῖον
523 1065 650 1161 οὖδας,
680 1067 831 1148 ου’δενδς
859 1069 1114 1178 ξυνειδότος,

313 1222 437 1371 φόνον
464 1223 629 1357 φονεῦσι
659 1222 813 1333 ποτρδς
840 1227 1078 1369 άλλάξων’
1061 1233 1166 1326 εμοῦ.

318 1376 456 1461 νυκτός
484 1381 525 1461 δὲ
553 1381 679 1472 τῆσδε
707 1379 801 1488 πρός
830 1364 966 1492 τάφον
992 1380 1128 1483 μολιδν
1154 1375 1316 1481 πατρὸς,
1341 1398 1395 1479 90

313 1537 460 1645 δάκρυά
488 1571 517 1616 τ
518 1536 694 1627 ’ἕδιοκα,
723 1571 787 1615 και
816 1535 932 1638 κόμης
959 1534 1208 1648 ἀπηρξάμην,
1252 1627 1255 1642 ¹

313 1706 417 1807 πυρᾷ
444 1705 481 1778 τ’
509 1695 713 1806 ἐπέσφαξ’
745 1694 841 1798 αἷμα
868 1696 1032 1796 μηλείου
1060 1694 1199 1806 φόνου,

315 1858 449 1939 λαθιον
478 1854 702 1962 τυράννους,
733 1855 769 1934 οἳ
797 1829 992 1962 κρατοῦσι
1020 1857 1145 1949 τῆσδε
1174 1861 1257 1956 γῆς.

312 2017 378 2096 καὶ
405 2011 572 2118 τειχέων
599 2011 674 2113 μὲν
693 2009 808 2092 ε’ντδς
837 2018 883 2091 ου’
899 2009 1035 2148 βαῖνιο
1064 2009 1195 2103 πόδα,
1240 1999 1243 2004 ’

312 2173 417 2307 δυοῖν
445 2174 474 2251 δ’
503 2170 918 2305 άμιλλανηξυντιθείς,
949 2167 1197 2359 α’φικόμηνΑ
1254 2200 1264 2243 ἰ
1339 2188 1389 2264 9⁵

311 2328 405 2436 πρὸς
433 2328 625 2435 τέρμονας
653 2337 725 2430 γης
752 2328 933 2426 τῆσδ’,”
914 2364 950 2408 ιν
951 2329 1200 2454 ’ἐκβάλοι
1141 2302 1272 2411 πόδι’

201 2619 277 2676 Nub.
292 2621 363 2682 427.
394 2617 471 2687 ἡμᾶς,
490 2615 585 2687 τιμῶν,
605 2613 648 2670 καὶ
671 2612 774 2685 θαυμά-
823 2613 982 2670 adsciscunt
1003 2613 1180 2672 instrumenti
1202 2623 1251 2672 aut
1276 2615 1396 2672 membri

202 2713 361 2796 (mn-Cf.
376 2712 455 2770 Med.
473 2716 560 2769 1153.
576 2720 604 2769 et
616 2712 665 2769 ins.
679 2718 747 2771 514.
823 2709 895 2784 quod
904 2707 1044 2783 praecipub
1053 2703 1207 2769 adhibetur.
1222 2711 1311 2768 Βαίνω
1321 2711 1395 2786 apud

243 2817 290 2876 87.
311 2810 482 2888 μυστηρίων.
496 2807 646 2864 Barnesius
655 2807 684 2865 in
695 2814 772 2863 textu
822 2805 934 2863 Atticos
967 2807 1092 2864 neutrale
1125 2816 1168 2865 est
1193 2809 1332 2880 verbum,‘
1349 2809 1396 2866 hic

200 2908 255 2986 legi
289 2908 350 2965 vult
382 2907 577 2987 χρηστηρίων,
621 2904 668 2961 sed
701 2901 773 2961 nihil
822 2909 919 2958 tamen
940 2911 968 2960 et
988 2901 1060 2960 infra
1083 2899 1170 2962 1168.
1201 2889 1395 2962 accusativum

200 3023 279 3080 opus,
822 3008 884 3073 post
897 3016 927 3056 se
941 2999 1036 3060 habet.
1059 3002 1121 3059 Imo
1130 3002 1275 3078 Aristoph.
1286 3001 1396 3064 Eccles.

241 3105 292 3167 91.
322 3096 407 3169 κόμης
431 3094 610 3177 ἀπηρξάμην.
654 3093 771 3152 Solenne
823 3090 890 3153 161.
911 3094 1123 3176 ἐκκλησιάζουσ’
1136 3096 1183 3154 οὐκ
1202 3096 1237 3155 άν
1250 3096 1398 3177 προβαίην
1467 3167 1469 3170 ¹

200 3196 252 3256 suit
285 3204 375 3275 sectos
410 3195 498 3251 crines
525 3193 642 3251 mortuis
668 3192 770 3250 inferri.
822 3192 875 3248 τόν
888 3191 972 3253 πόδα.
989 3204 1018 3251 et
1030 3194 1126 3253 Phoen.
1139 3200 1228 3254 1450.
1243 3195 1397 3275 προβάςδέ

201 3293 276 3350 Hinc
296 3291 353 3364 Ov,
376 3291 448 3348 Met.
469 3298 498 3349 3.
521 3286 549 3347 6.
579 3289 710 3364 planxere
730 3308 772 3345 so·
822 3286 913 3342 κοῖλον
939 3287 1040 3367 δεξίον.
1090 3289 1162 3346 Haec
1178 3292 1330 3349 .Pors0nus
1358 3291 1396 3348 ad

200 3408 279 3447 rores
292 3386 428 3458 Naiades,
444 3395 471 3443 et
484 3393 573 3442 sectos
577 3384 674 3464 fratri
687 3384 773 3458 impo-
825 3381 920 3442 Orest.
936 3388 1022 3448 1437.
1045 3382 1133 3456 βαίνω
1152 3384 1199 3440 hic
1220 3384 1294 3442 idem
1315 3391 1408 3474 sonat¹

200 3499 278 3536 suere
291 3478 418 3551 capillos.
457 3478 572 3537 Barnes.
588 3476 671 3537 Cons.
685 3475 774 3535 Hom.
824 3478 897 3555 quod
917 3477 1024 3552 βαίνειν
1047 3481 1129 3551 ποιεῖ,
1153 3479 1246 3539 form&
1266 3480 1395 3540 Hebraeis

202 3576 236 3635 11.
249 3578 290 3635 Ψ.
314 3580 383 3632 135.
478 3600 482 3606 ·
824 3575 1020 3634 usitatissima.
1064 3577 1179 3635 Barnes.
1304 3645 1307 3650 ¹
1426 3654 1430 3659 ¹
1479 3558 1482 3562 ”

241 3679 292 3741 92.
320 3668 416 3749 φόνον.
444 3671 542 3730 AEsch.
561 3672 638 3747 Sept.
656 3674 710 3730 Th.
723 3679 773 3730 44.
864 3676 914 3739 95.
941 3669 1022 3731 δυοῖν.
1051 3672 1209 3730 Porsonum
1222 3693 1328 3751 sequor,
1349 3674 1396 3750 qui

200 3771 287 3828 habet
308 3768 437 3846 ταυρειου
462 3761 558 3842 φόνου,
582 3765 628 3821 ubi
650 3785 772 3822 cruorem
824 3765 852 3823 in
868 3765 936 3822 Eur.
951 3764 1023 3822 δυοῖν
1037 3785 1147 3841 semper
1159 3768 1254 3827 ed1d1t
1277 3766 1396 3829 Heracl.

201 3865 350 3942 significat,
373 3861 420 3918 hic
448 3875 515 3918 vero
542 3861 632 3935 potius
664 3862 770 3934 caedem,
824 3859 957 3917 Gramm.
979 3860 1019 3917 ait
1037 3863 1103 3920 τούς
1121 3860 1270 3921 Ἀττικονς
1292 3888 1345 3933 την
1365 3863 1395 3923 οἰ

201 3959 273 4015 utin
220 3959 383 4015 tProm.
398 3949 468 4012 363.
490 3955 623 4068 συρίζων
627 3956 724 4033 φόνον,
745 3965 772 4014 et
797 3954 974 4043 διφθοηηον
988 3982 1023 4016 εις
1037 3957 1129 4029 τηνέι
1142 3982 1317 4030 μεταπαιειν.
1340 3959 1396 4018 Sed

202 4054 269 4111 Act.
285 4055 387 4146 Ap0st¹.
400 4051 441 4109 ix.
464 4059 492 4107 1.
521 4049 772 4124 ἐμπνέωνᾶπειληι
822 4051 856 4108 de
888 4061 997 4110 recente
1028 4054 1179 4112 Atticismo
1206 4051 1336 4128 loquitur,
1364 4063 1396 4112 ut
1425 4036 1429 4049 ²

200 4146 246 4204 καὶ
259 4145 357 4225 φόνον.
822 4147 894 4206 ben&
908 4149 1014 4208 Blomf.
1028 4148 1064 4205 ad
1077 4149 1174 4222 Prom.
1185 4151 1254 4206 803.
1296 4147 1393 4222 Porro,
1423 4130 1428 4142 ‚

240 4243 291 4308 94.
312 4237 402 4314 βαίνω
417 4239 504 4301 πόδα.
525 4240 624 4300 Verba
636 4258 697 4317 quae
710 4259 772 4298 mo·
823 4245 987 4303 sententiam
1013 4249 1147 4317 verte,¹“
1163 4242 1277 4321 duarum
1303 4223 1412 4302 rerum⁴

200 4342 261 4393 tum
283 4328 451 4411 significant,
478 4336 553 4408 ιεοῐδ
580 4335 772 4397 accusativum
822 4335 1140 4425 ιιυάὶυαοοαροαεης.”
1158 4335 1289 4420 ¹Seidler,
