3060 5046
218 375 295 480 rto
553 425 752 481 invasos
781 395 828 479 m
856 410 1004 478 soris

208 614 242 653 τε
262 591 308 651 sal
329 592 481 666 αἵματος
500 591 620 673 εὔχομαι
642 589 720 653 εἶναι.
757 587 862 650 Tibull.
876 586 923 649 El.
940 597 967 647 1.
980 585 1010 649 6.
1023 582 1072 646 65.
1115 559 1154 644 l’e
1174 601 1290 661 tempu,
1310 603 1363 643 no·

207 711 403 778 tamquarm
422 712 450 762 te
467 711 596 778 propter,
620 704 724 776 mocio,
750 697 889 779 Quicquid
900 708 979 778 agat,
1003 700 1115 776 sanguis
1139 707 1180 756 est
1201 706 1292 757 tamen
1311 697 1363 756 illc

205 826 280 878 tutu.
488 830 490 835 '

267 971 335 1024 541.
377 964 433 1022 Hic
446 963 523 1024 locus
537 965 638 1022 misere
652 966 779 1024 Editores
799 964 932 1024 exercuit.
974 962 1055 1022 Olim
1074 962 1249 1038 conjeceram
1265 957 1287 1028 ἥ
1304 978 1359 1028 τις,

204 1077 349 1139 δεσπότας
376 1078 468 1139 nadair
491 1076 604 1160 χθονός.
646 1078 751 1137 Melius
776 1056 891 1138 fortasse
919 1077 1072 1137 Elmsleiiu
1092 1077 1129 1137 ad
1155 1075 1263 1134 Bacch.
1286 1078 1359 1141 959.

205 1189 280 1256 lucili
300 1191 513 1266 transpositione
534 1190 652 1250 restituit
676 1192 799 1251 oxonodc
814 1172 914 1252 ’λαθᾶν
934 1189 1064 1272 ἐκείρατ’,
1085 1188 1105 1259 ἢ
1127 1186 1217 1258 τῆσδε
1243 1185 1360 1268 χθονός.

205 1305 273 1363 Non
285 1305 371 1376 enim,
396 1312 427 1362 ut
443 1305 574 1363 observat
588 1306 642 1361 Vir
660 1305 792 1377 eruditus,
810 1306 846 1362 ad
867 1304 1090 1380 Agamemnonis
1110 1301 1290 1378 sepulchrum
1310 1298 1360 1357 sod

205 1415 242 1473 ad
254 1415 426 1489 Argivorum
440 1415 508 1474 fines
521 1414 676 1492 vigilabant
688 1415 825 1488 custodes,
839 1433 929 1493 neque
942 1415 1047 1474 civium
1060 1413 1155 1486 causti,
1171 1415 1222 1472 sed
1235 1412 1359 1472 hostium

206 1523 348 1582 constituti
361 1532 452 1583 erant.

265 1673 336 1736 575.
361 1670 606 1744 supervacaneum
627 1669 697 1726 mihi
711 1671 819 1754 videtur
832 1654 901 1729 illud
913 1667 980 1751 γάρ.
1024 1670 1119 1739 Quare
1140 1669 1263 1747 legerem
1282 1665 1359 1727 sacili

205 1786 368 1859 mutatione,
394 1786 450 1845 οὐδ’
467 1784 550 1860 ἔγωγ’
568 1785 603 1844 ἂν
622 1786 740 1858 ἤλπισα.

261 1940 333 2015 649.
373 1942 429 2001 Pro
442 1941 500 2017 λέγ’
513 1945 615 2016 ἡλίους,
638 1945 780 2021 ingeniose
801 1946 952 2005 Elmsleius
973 1947 1010 2004 ad
1030 1941 1226 2006 Heracldor.
1247 1945 1361 2025 conjicit

203 2056 266 2137 δεχ’
279 2057 380 2131 sitione,
398 2072 460 2130 qnae
473 2051 556 2111 lectio
569 2072 634 2111 cnm
648 2057 823 2131 sequentibus
836 2056 926 2132 magis
940 2057 1078 2116 convenit.
1113 2054 1359 2114 Verisimillimnm

202 2174 255 2241 est,
275 2165 444 2243 quodetiam
464 2164 492 2222 in
513 2164 543 2222 h.
562 2164 582 2224 l.
605 2173 734 2243 utsupra
749 2175 816 2227 180.
835 2167 979 2226 literarum
994 2169 1024 2227 Δ
1037 2176 1065 2226 et
1077 2168 1105 2225 A
1117 2165 1271 2225 similitudo
1282 2148 1358 2225 erro-

202 2301 262 2341 rem
275 2282 304 2338 in
318 2289 427 2339 textum
441 2279 586 2338 invexerit.

262 2431 333 2499 679.
361 2431 464 2489 Confer
477 2449 540 2507 qnae
554 2429 612 2488 dixi
626 2421 655 2487 in
668 2429 814 2487 Addendis
828 2430 864 2487 ad
876 2448 905 2486 v.
919 2435 990 2496 273.

261 2575 332 2636 684.
360 2575 492 2658 εὐτρεπές
506 2578 669 2649 ποιήσομαι.
711 2577 819 2650 Nostri,
839 2577 861 2633 I
871 2577 928 2635 will
940 2577 1017 2636 make
1030 2537 1125 2656 reoda,
1145 2587 1176 2638 ut
1189 2581 1259 2638 bene
1272 2581 1357 2645 vertit

202 2690 248 2749 Cl.
270 2687 420 2748 Elmsleius
441 2689 478 2745 ad
499 2689 607 2748 Bacch.
628 2696 698 2750 440.
719 2689 862 2748 conferens
876 2690 942 2766 Iph.
957 2693 990 2751 T.
1007 2698 1077 2751 244.
1099 2692 1292 2778 κατάργματα
1307 2696 1354 2752 οὐκ

200 2801 235 2860 civ
259 2801 372 2881 φθόνοις
395 2800 429 2858 civ
453 2801 578 2883 stirpensi
600 2802 758 2877 ποιουμένη.
799 2805 879 2862 Idem
894 2804 982 2880 plane
1003 2816 1083 2866 sonat
1102 2810 1173 2884 quod
1189 2807 1354 2890 εὐτρεπίζει,

200 2915 264 2990 Iph.
277 2916 312 2973 Τ.
328 2921 397 2981 470.

260 3058 331 3121 686.
360 3060 433 3132 Quae
453 3079 537 3137 supra
550 3059 608 3118 dixi
622 3059 655 3117 de
668 3063 753 3118 verbo
766 3058 912 3141 ὀλολύζειν
924 3060 964 3119 ita
977 3063 1126 3124 confirmat
1138 3062 1303 3127 Hemsterh.
1318 3067 1354 3124 ad

200 3171 316 3230 Lucian.
332 3189 355 3227 1.
370 3167 398 3230 6.
414 3174 461 3236 59.
489 3168 623 3226 usitatum
635 3167 665 3226 h.
679 3187 707 3228 v.
725 3167 795 3224 olim
809 3168 953 3226 affirmans
973 3169 1008 3225 de
1018 3170 1131 3249 faustis
1148 3172 1357 3251 acclamationi·¹

199 3286 247 3343 bus
268 3293 296 3342 et
319 3264 466 3342 ululatibus
488 3303 554 3360 qnos
573 3282 699 3340 mulieres
718 3283 755 3339 nd
775 3303 856 3341 sacra
875 3281 1090 3361 ingeminabant.
1133 3289 1218 3345 Certe
1243 3289 1296 3346 nisi
1318 3291 1354 3348 de

199 3402 281 3457 rebus
297 3397 370 3458 laetis
391 3379 507 3457 verbum
528 3396 671 3478 ὀλολύζειν
691 3398 765 3474 apud
786 3406 892 3455 veteres
913 3398 962 3454 vix
983 3401 1112 3474 reperias.
1155 3405 1292 3460 Attamen
1315 3404 1351 3460 ad

198 3514 277 3571 fletus
291 3523 319 3570 et
331 3512 560 3573 lamentationem
573 3534 591 3572 a
604 3515 799 3572 recentioribus
811 3514 972 3572 traductum
985 3523 1035 3572 est.

175 3659 177 3664 ¹
257 3673 328 3735 702.
370 3669 425 3726 Pro
445 3671 522 3750 ἰάχει
543 3672 653 3747 mavult
672 3673 755 3751 ἴαχεν
779 3634 943 3754 ΕΙωεΙ.,εά
965 3669 1080 3732 Heracl.
1105 3676 1176 3737 752.
1212 3671 1303 3748 primd
1322 3681 1352 3731 et

196 3781 318 3843 secundi
335 3782 422 3839 brevi.

260 3936 329 3998 892.
356 3927 441 4003 Apud
469 3927 585 3984 Graecos
609 3927 776 3985 vocabulum
812 3926 909 3987 τέκνον
941 3895 976 3982 de
1011 3911 1100 3984 iratis
1133 3936 1289 4003 usurpatur,
1321 3935 1353 3984 ut

198 4041 468 4113 venondsdeliberis,
489 4039 555 4099 Alc.
567 4045 635 4100 414.
657 4041 704 4098 ubi
713 4039 775 4098 vide
787 4038 947 4099 Monkinm.
965 4016 1037 4096 Tale
1044 4039 1174 4116 loquendi
1181 4057 1267 4115 genus
1277 4009 1351 4112 apud

197 4154 315 4212 Latinos
328 4153 427 4213 rarius.
453 4157 589 4212 Attamen
603 4153 661 4211 Or.
673 4153 746 4212 Met.
761 4172 816 4213 111.
831 4159 901 4212 223.
922 4153 956 4209 de
969 4154 1083 4210 canibus
1094 4152 1217 4228 loquitur
1237 4159 1256 4187 “
1267 4158 1351 4225 patre

196 4267 306 4327 Dictaeo
327 4268 374 4324 sad
394 4276 481 4326 entre
502 4267 639 4327 Laconide
652 4266 754 4327 natis.'’
785 4240 893 4327 'Adeas
915 4284 929 4325 e
949 4266 1022 4327 Plin.
1036 4261 1141 4326 x..61.
1183 4265 1349 4342 vespertilio

195 4380 321 4453 geminos
334 4377 471 4456 amplexa·
480 4381 611 4461 infantes.
653 4380 822 4457 Hujnsmodi
835 4400 927 4453 voces,
943 4389 973 4438 ut
986 4377 1091 4451 τέκνον,
1103 4385 1180 4451 ταῖς,
1194 4389 1222 4440 et
1235 4379 1348 4454 nmilia,
1383 4383 1387 4388 '
