3060 5046
187 379 218 449 vi
440 401 598 449 vrcrouu
615 402 879 451 nncuuunuun
899 404 1075 454 uasorum.

187 570 341 657 petrato,
372 560 490 633 statim
521 560 618 655 ipsos
652 562 885 634 vehementer
918 561 1100 657 poenituit,
1128 565 1226 662 quod
1257 573 1332 635 toto

185 714 331 801 pectore
358 704 615 798 expetiverant,
643 703 783 776 fecisse.
840 705 1036 780 Confectos
1063 707 1154 781 filios
1181 709 1329 808 aegritu-

128 938 133 949 ·
186 855 282 939 dine,
318 876 361 926 ac
391 877 430 925 se
461 853 604 926 sceleris
630 857 852 944 damnantes,
887 854 1011 929 affines
1040 858 1123 953 ipsis
1153 858 1331 956 sanguine

186 997 314 1073 Castor
329 1025 372 1073 ac
391 1000 519 1072 Pollux
535 1003 692 1075 adventu
716 1026 782 1075 suo
805 1002 1058 1076 consolantur:
1088 1014 1125 1073 et
1144 1003 1231 1097 quid
1250 1029 1270 1075 e
1289 1029 1328 1074 re

186 1141 270 1215 nott
304 1144 423 1216 facere
460 1144 537 1215 ilios
575 1169 665 1239 opus
699 1146 745 1217 sit
783 1147 928 1233 docent,
974 1157 1179 1242 cunctaque
1203 1112 1328 1241 sptena

184 1297 416 1370 maximarum
441 1298 754 1391 perturbationum
783 1311 1013 1394 componunt.

258 1597 384 1669 Exitus
414 1597 523 1693 igitur
550 1596 683 1667 fabulae
709 1597 777 1666 dard
805 1606 958 1694 μηχανῆς,
982 1623 1024 1671 ac
1052 1599 1174 1672 similis
1201 1603 1344 1687 admo,

181 1742 265 1815 dum
305 1740 529 1814 dissolutioni
572 1740 721 1811 Orestis.
789 1741 894 1830 Quod
941 1743 1037 1814 enim
1082 1744 1141 1814 bio
1184 1742 1323 1817 faciunt

182 1889 361 1974 Dioscuri,
387 1888 457 1961 illic
481 1888 610 1985 Apollo
630 1888 807 1983 praestitit.
862 1888 1061 1986 Utriusque
1083 1900 1202 1963 autem
1226 1889 1320 1978 finis,

181 2061 292 2131 quum
312 2035 459 2108 minime
477 2035 586 2109 tristis
603 2037 659 2121 sit,
690 2041 778 2127 (non
797 2037 888 2108 male
911 2037 1006 2109 enim
1025 2048 1145 2110 actum
1165 2051 1219 2111 est
1235 2063 1319 2111 cum

180 2181 441 2276 superstitibus,
466 2203 509 2252 ac
535 2181 607 2253 voti
631 2204 723 2275 pene
749 2190 932 2275 compotes
961 2204 1086 2253 omnes
1108 2181 1195 2254 facti
1220 2183 1318 2272 sunt)

180 2328 293 2425 magis
320 2327 487 2421 proprius
514 2351 593 2397 esse
625 2326 823 2412 comoediae,
860 2349 967 2419 quarn
996 2328 1197 2423 tragoediae,
1226 2328 1322 2400 vide·
1363 2305 1366 2309 ’

179 2489 260 2551 tur:
291 2501 371 2549 nam
402 2480 499 2572 quod
528 2477 564 2547 in
595 2487 811 2571 argumento
844 2477 901 2546 hic
933 2476 1039 2572 fingit
1069 2476 1196 2563 Poeta,
1227 2477 1320 2549 colo-

178 2647 263 2698 num
297 2622 391 2693 iilum
429 2644 451 2691 a
483 2619 638 2717 virgine,
680 2644 787 2716 quarn
823 2620 918 2692 domi
959 2622 1018 2693 diu
1059 2622 1238 2708 habuerit,
1280 2648 1320 2695 se

176 2772 404 2856 abstinuisse,
446 2795 519 2843 non
551 2769 742 2843 verisimile
777 2782 855 2843 est:
902 2775 997 2867 quod
1033 2785 1152 2845 tamen
1188 2774 1312 2845 vitium
1411 2804 1414 2807 ·

175 2926 250 3020 ipse
268 2944 425 3021 purgare
442 2946 580 2994 summo
604 2922 720 2994 studio
744 2933 907 3008 conatur,
934 2947 1043 3017 quum
1067 2946 1161 3009 cum,
1191 2945 1316 3018 quam·

174 3069 224 3141 ris
252 3091 446 3164 pauperem
477 3066 672 3150 bominem,
707 3066 817 3139 nobili
840 3066 955 3162 stirpe
985 3077 1107 3138 natum
1140 3066 1238 3152 dicit,
1275 3081 1314 3140 ut

171 3212 395 3312 generositas
443 3210 574 3299 animi
599 3211 789 3307 iniquitate
832 3213 986 3282 fortunae
1028 3210 1194 3307 extingui
1238 3236 1312 3282 non

172 3364 338 3457 potuerit.
402 3363 584 3434 Praeterea
618 3384 698 3432 cum
734 3359 983 3432 reformidasss
1023 3383 1104 3429 curn
1146 3358 1314 3430 Orestem

171 3525 303 3596 narrat,
334 3514 363 3583 si
391 3516 535 3607 quando
564 3513 781 3599 revertisset,
812 3537 858 3584 ne
883 3536 1011 3608 poenas
1039 3510 1087 3583 ilii
1115 3512 1215 3583 daret
1241 3514 1313 3585 vio-

171 3663 252 3737 lstae
280 3661 423 3745 sororis,
451 3662 513 3732 sed
541 3661 646 3732 etiam
676 3686 795 3735 secum
813 3685 970 3757 ,quoque
1000 3660 1096 3731 ilium
1132 3661 1311 3759 cogitasse

171 3815 403 3898 demonstrat,
458 3834 531 3882 non
579 3810 749 3884 habuisse
794 3813 856 3910 jus
905 3811 943 3881 iu
995 3808 1147 3883 alienam
1200 3807 1308 3882 filiam

169 3963 388 4062 AEgistbum,
421 3972 460 4031 ut
494 3971 581 4033 ratae
612 3961 748 4056 nuptiae
781 3959 849 4032 iiiae
886 3959 958 4033 ullo
991 3970 1096 4054 pacto
1129 3981 1208 4028 esse
1244 3979 1309 4051 po-

168 4103 313 4188 tuerint.
369 4113 407 4191 Si
437 4111 523 4207 quid
541 4110 645 4182 aliud
672 4113 922 4211 huJ‘uscemodi
944 4121 998 4184 est
1020 4112 1056 4181 in
1075 4118 1308 4204 coagmenta-

166 4257 262 4329 tione
305 4280 437 4339 rerum,
483 4256 579 4349 quod
619 4255 757 4328 ratione
800 4264 930 4338 carcat,
979 4275 1046 4322 nec
1086 4247 1170 4319 satis
1213 4246 1314 4320 belle·

164 4408 357 4489 cobserent,
382 4405 417 4476 id
441 4404 570 4479 eruditi
592 4427 634 4475 ac
655 4404 834 4500 ingeniosi
852 4403 917 4474 viri
935 4400 1120 4472 videbunt.
1166 4397 1304 4496 Neque
1356 4488 1358 4495 y
