3060 5046
618 323 957 398 ΕΥΡΙΠΙΔΟΥ

495 510 627 591 τάλας
654 513 827 621 Qum
855 513 947 611 ἔβα.

416 664 465 744 σὲ
493 664 576 745 θεὸς
602 666 651 747 αὖ
679 666 764 785 θεὸς
786 668 984 773 ἁμετέραν
1010 666 1190 768 τίςιίγει
1306 685 1390 750 585

475 794 478 808 ⁸
556 824 674 919 νίκαν,
704 804 870 935 ὦφίλα.
1196 800 1203 811 .

443 978 560 1083 όίνεχε
586 979 718 1087 χέρας,
748 981 868 1088 α’ίνεχε
897 983 1037 1084 λόγον,
1067 956 1115 1060 ‘lei

554 1132 673 1212 λιτοίς
701 1135 753 1212 είς
782 1132 901 1229 θεοὺς,
1012 1150 1016 1155 ’

550 1221 666 1253 vd

554 1291 664 1399 τύχα
691 1295 761 1373 σοί
788 1292 897 1400 τύχᾳ

443 1447 689 1547 κασίγνητον
718 1451 973 1559 ἐμβατεῡφι
998 1447 1131 1530 πόλιν.

198 1604 280 1678 ΟΡ.
308 1595 392 1675 εἷεν·
432 1597 556 1705 φίλας
582 1595 818 1696 μὲνὴδονοίς
843 1598 1128 1709 ᾅστασμοίτων

307 1745 400 1850 ἔχω·
431 1743 560 1852 χρόνῳ
589 1745 629 1826 δὲ
659 1747 790 1830 καῦθις
817 1749 922 1831 αὐτὰ
952 1750 1139 1853 δαίσομεν.

212 1897 215 1903 ’
306 1905 359 1986 od
387 1906 429 2001 δ’,
460 1905 489 1985 oi
517 1906 664 2014 γεραιὲ,
696 1909 840 2031 καίμςος
867 1910 946 2017 ’γὰρ
978 1909 1130 2007 ἤλυθες,

309 2060 442 2171 λέξον,
469 2052 513 2143 τί
540 2064 639 2169 δρῶν
661 2063 716 2178 du
733 2065 859 2175 φονέα
889 2067 1080 2163 τισαίμην
1108 2067 1275 2174 τατρὸς,
1355 2123 1414 2157 ,0
1498 2100 1505 2117 ¹

239 2306 307 2361 584.
327 2301 393 2377 ἔβα.
414 2300 462 2360 Σί.
488 2302 642 2360 Seidlerum
656 2321 764 2380 sequor,
856 2307 925 2369 591.
956 2299 1017 2358 εἶεν.
1055 2301 1145 2377 Esto,l
1180 2302 1312 2360 Formula
1345 2312 1400 2381 est¹

189 2397 243 2472 'qui
256 2397 297 2452 ita
309 2396 404 2452 scribit
414 2414 463 2468 pro
475 2395 583 2470 vulgari
594 2395 696 2469 ἔβασε.
724 2395 766 2454 Σὲ
814 2394 1004 2451 antecedentia
1024 2393 1206 2465 concedentia
1228 2396 1276 2453 sed
1289 2397 1340 2467 ita,
1356 2405 1388 2455 ut

120 2520 129 2537 .
195 2490 323 2564 intelligit
331 2490 369 2544 V,
378 2490 418 2548 D,
433 2490 466 2546 de
475 2490 586 2559 Oreste,
599 2491 763 2564 quodetiam
813 2485 942 2559 quaedam
966 2485 1099 2541 correctio
1122 2485 1296 2557 adhibeatur,
1323 2504 1386 2586 qua?
1410 2478 1413 2483 ’

197 2583 295 2639 suadet
320 2601 376 2638 vox
403 2581 439 2637 αὖ
463 2583 492 2637 in
521 2583 643 2656 sequenti
671 2601 764 2640 versu.
813 2578 910 2633 statim
936 2578 1057 2635 additur.
1098 2576 1174 2634 Huic
1200 2579 1318 2636 fortasse
1344 2596 1387 2636 re·

196 2674 330 2750 Namque
350 2672 385 2730 αὖ
409 2673 557 2750 aliquando
584 2674 693 2748 ponitur
715 2693 764 2749 pro
813 2670 929 2742 spondet
943 2669 1102 2744 Anglorum
1118 2667 1271 2745 interjectio
1294 2667 1386 2728 Weu!

196 2755 288 2835 eduis,
311 2774 394 2841 atque
407 2767 471 2823 hinc
491 2766 631 2840 Harpocr,
652 2767 693 2824 ait
708 2765 763 2836 At,
813 2778 899 2834 quam
922 2760 979 2817 sere
1000 2762 1124 2839 sequitur
1146 2762 1313 2821 adversandi
1336 2781 1386 2820 seu

195 2860 377 2932 Δημοσθένης
399 2860 463 2917 α’ντί
488 2862 542 2917 rod
569 2859 653 2917 πάλιν
672 2860 702 2918 ἐν
722 2859 764 2938 τῷ
813 2860 967 2933 corrigendi
977 2858 1113 2935 particula
1124 2864 1191 2929 tum
1206 2862 1337 2940 atqueita
1346 2861 1385 2932 dd,

195 2958 258 3010 κατ’
287 2955 422 3032 Ἀφόβου
455 2954 570 3035 orpor'rqr.
621 2956 765 3029 Exempla
812 2957 897 3028 α’λλεί,
911 2957 958 3014 vel
968 2958 1024 3014 tale
1034 2959 1138 3036 aliquid
1151 2960 1188 3016 'ro‘
1203 2954 1256 3018 είεν
1265 2957 1387 3034 plerum·

104 3042 112 3049 ”
195 3048 258 3105 vide
272 3048 308 3108 ll.
324 3051 363 3109 A.
380 3054 447 3107 540.
468 3051 503 3110 Φ.
516 3056 586 3116 394.
609 3050 655 3105 ubi
668 3059 763 3106 tamen
811 3050 1010 3128 quesequitur.
1043 3052 1186 3128 Exempla
1196 3053 1272 3111 dedit
1286 3052 1386 3110 Herm.

194 3142 325 3200 'Clarkius
335 3169 372 3200 το
382 3142 418 3201 αὖ
426 3145 605 3217 putavitesse
615 3154 764 3222 παρατλη-
794 3208 797 3213 ,
813 3147 848 3203 ad
863 3147 929 3222 vig.
943 3148 976 3204 de
990 3148 1143 3205 Idiotismis
1158 3168 1186 3221 p.
1204 3153 1276 3212 187.

194 3239 362 3317 ραματικόν.
403 3238 479 3295 Hinc
493 3237 529 3295 αὖ
539 3237 617 3309 ἄγειν
631 3244 673 3293 est
686 3237 765 3292 redo-
854 3243 923 3306 594.
945 3239 1044 3315 φονέα.
1069 3241 1149 3296 Pors.
1163 3240 1198 3294 ad
1221 3240 1295 3295 Hec.
1316 3238 1398 3306 876..
1498 3273 1505 3283 -

195 3350 266 3402 cere,
294 3340 358 3388 “to
379 3333 458 3408 bring
477 3333 573 3390 back.''
618 3330 764 3408 Seidlerm,
812 3333 910 3408 inquit,
932 3339 950 3366 “
963 3331 1105 3388 Ultimum
1128 3333 1211 3404 hujus
1229 3332 1306 3388 vocis
1323 3350 1387 3406 quae

194 3420 765 3502 punctopositopostleav,reliquarriora·
813 3444 848 3482 ex
863 3423 1121 3483 Grammaticorum
1144 3420 1250 3480 monito
1271 3425 1391 3498 produci.

193 3513 296 3568 tionem
307 3515 342 3568 ad
354 3514 584 3592 Electramdirigi
593 3520 750 3575 arbitratur.
812 3519 938 3588 debebat,
960 3525 1003 3574 ter
1023 3516 1138 3590 corripit
1156 3516 1315 3592 Euripides,
1338 3518 1384 3576 hic

235 3609 303 3668 587.
324 3603 420 3684 ἄνεχε.
449 3609 535 3667 Tolle.
563 3610 635 3666 Haec
653 3630 710 3667 vox
724 3610 764 3666 di·
812 3621 841 3670 et
865 3612 971 3671 Electr.
999 3613 1068 3678 599.
1091 3608 1179 3675 763.”
1204 3613 1273 3686 (Ed.
1296 3619 1383 3674 nostr.

194 3699 282 3758 versis
294 3700 323 3756 in
334 3700 402 3757 locis
416 3701 556 3759 diversam
568 3706 654 3761 habet
668 3725 765 3780 accep·
813 3708 893 3778 758.)
927 3704 1011 3772 Quod
1024 3703 1094 3760 sorte
1107 3703 1159 3774 illi,
1181 3723 1259 3762 nrore
1272 3705 1384 3776 Ionum,

193 3797 336 3868 mdonem,
368 3805 398 3854 et
419 3797 502 3859 modo
524 3798 651 3869 retinere,
679 3801 763 3857 modo
811 3800 900 3869 licuit,
914 3799 954 3855 uti
967 3798 1128 3855 observavit
1141 3799 1229 3859 Piers.
1248 3799 1282 3855 ad
1298 3797 1385 3857 Moer.

134 3883 136 3886 ’
193 3891 448 3967 tolleresignificat.
469 3891 503 3946 Iu
517 3893 634 3949 eundem
647 3895 763 3952 modum
810 3914 838 3968 p.
852 3898 920 3958 192.
952 3891 1043 3948 Attici
1054 3882 1151 3951 ¹tamen
1163 3892 1246 3966 hujus
1264 3889 1385 3946 declina·

193 3983 304 4056 α’νάγειν
322 3996 383 4044 tum
403 3972 559 4056 reducendi,
581 3994 642 4042 tum
656 4007 763 4045 sursum
809 3987 892 4045 tionis
907 3988 1070 4059 accusativi,
1091 3987 1275 4065 genitivorum
1288 3981 1386 4040 analo·

193 4078 307 4135 mendi
331 4081 563 4158 significationem
589 4081 683 4139 habet.
717 4085 761 4142 lta
811 4081 885 4157 giam
900 4090 1057 4156 sequentes,
1071 4081 1203 4138 ultimam
1216 4076 1383 4151 producunt,

192 4173 389 4254 ἀνασκευᾶζειν
405 4177 477 4235 iufra
492 4195 521 4236 v.
537 4181 606 4247 597,
627 4188 700 4232 nunc
716 4178 760 4234 de·
810 4172 866 4250 qua
877 4174 911 4229 de
929 4193 958 4231 re
975 4175 1039 4230 vide
1053 4172 1151 4229 Clark.
1165 4171 1200 4227 ad
1212 4169 1247 4229 ll.
1258 4171 1297 4225 A.
1309 4166 1381 4230 265.

192 4264 327 4336 utriendi,
341 4287 412 4328 nunc
426 4291 534 4330 rursum
543 4269 666 4330 struendi
678 4288 758 4328 sensu
811 4268 886 4325 Suid.
904 4289 934 4328 v.
947 4266 1065 4348 Ἀτρέα,
1085 4273 1114 4322 et
1131 4263 1258 4342 Etymol.
1278 4264 1380 4340 Magn.

193 4355 336 4433 accipitur.
546 4347 560 4381 ¹
805 4364 837 4417 v.
851 4360 987 4432 βασιλέα.
1082 4381 1085 4386 ·
1460 4367 1462 4371 ’
