3060 5046
177 329 254 471 '9⁸

604 374 943 448 ΕΥΡΙΠΙΔΟΥ

312 573 438 681 ἕζοντ’
467 575 533 653 ἐπί
560 573 763 682 ’ψήφοισιν
790 572 957 670 αίματος
984 568 1089 669 πέρι*

312 727 557 834 Ἀλιῤῥείθιον
584 726 646 808 ὅτ’
675 726 805 806 ’ἔκταν’
833 723 1024 832 ὠμόφρων
1043 721 1179 827 Ἄρης,

313 895 423 983 μηνῖν
451 879 647 987 θυγατρὸς
674 880 842 959 ἀνοσίων
871 873 1171 984 νυμφευμάτων,

356 1018 378 1065 θ’
549 1033 559 1062 ν
760 1033 805 1110 ..8,
848 1030 894 1063 «ν,
938 993 963 1061 Ι»
1144 1025 1155 1056 r

313 1067 464 1115 ποντον
492 1066 674 1141 κρεοντος
701 1066 773 1111 παι
808 1093 822 1125 ,-
850 1063 885 1109 ιν
922 1031 1206 1124 εναεβεστατη
1288 1042 1394 1107 1255

315 1194 466 1302 ψῆφος,
497 1192 649 1286 βεβαία
678 1197 716 1268 τ’
746 1189 862 1268 ἐστίν
889 1187 932 1265 ἔκ
960 1219 1008 1286 γε
1038 1193 1112 1265 τοῦ
1140 1186 1251 1265 θεοῖς.

192 1383 198 1395 ·
313 1349 482 1429 ἐνταῦθα
510 1349 577 1426 καί
604 1346 651 1426 σὲ
680 1343 919 1446 δεῖδραμεΐν
946 1344 1069 1453 φόνον
1097 1342 1199 1449 πέρι,

316 1507 399 1582 ίσαι
428 1503 537 1597 δέατ’
564 1501 782 1607 ἐκσῶζονσι
811 1500 863 1598 μὴ
892 1502 1019 1580 θανεῖν
1046 1498 1130 1606 δίκη

206 1744 286 1803 πόλει
293 1743 409 1811 Iocutus,
422 1741 484 1797 haec
495 1740 580 1797 addit.
601 1738 689 1796 Ἐστι
703 1738 733 1795 δὲ
746 1736 773 1794 ἐν

204 1840 279 1920 adegi
297 1835 390 1919 κρήνη,
412 1838 477 1914 παρ’
498 1833 517 1917 ᾖ
536 1833 649 1905 λέγουσι
669 1833 773 1889 Ποσει·

204 1933 287 1989 δεῖνος
312 1929 398 1986 παῖδα
419 1928 603 2009 Ἀλιῤῥόθιον,
628 1923 770 2002 θυγατέρα

195 2027 309 2105 ‘Apsos
321 2025 481 2094 Ἀλκίππην
494 2026 684 2106 αἰσχύναντα,
698 2021 771 2079 α’πο-

203 2123 294 2179 θανεῖν
306 2121 362 2175 ν’πδ
373 2118 486 2198 ΙἈρίων.
496 2117 651 2195 -Ἃρενον
669 2115 769 2186 ποίγοκ·

201 2210 231 2269 έν
243 2209 371 2278 Ἀθηναία
386 2208 564 2288 δικαστήριον
584 2208 612 2265 έν
629 2213 668 2288 τῇ
687 2211 772 2286 α’κρο-

203 2306 295 2363 πόλει.
329 2305 458 2380 Hesych.
487 2304 601 2382 Ἀρηίον
621 2305 771 2376 wdetorp·-

203 2402 372 2481 α’κροπόλιοκ
394 2403 494 2483 ὄχθον.
529 2402 665 2460 Herodot.
684 2403 768 2458 VIII.

205 2503 254 2555 52.
283 2497 358 2552 Vide
371 2496 456 2554 etiam
468 2498 533 2582 Iph.
544 2498 579 2553 T.
592 2500 661 2562 945.

247 2603 446 2674 1254Λμῆων.
476 2607 538 2662 Hoc
559 2623 644 2680 genus
660 2606 770 2679 apposi-

204 2700 286 2758 tionis
298 2701 337 2756 ita
350 2699 471 2771 explicat
484 2699 632 2756 SeidIerus.
654 2698 693 2773 (ὅ,
708 2699 768 2756 scil.

204 2793 250 2849 ὅτι
263 2791 352 2848 αιίτδν
364 2791 501 2867 ἔκτανεν,)
520 2790 554 2860 ἦν
565 2794 650 2863 μῆνα,
666 2818 691 2851 κ.
703 2812 732 2848 τ.
743 2805 769 2848 λ.

203 2884 304 2942 Herm.
324 2886 358 2942 de
379 2882 477 2958 Eliips.
498 2893 525 2942 et
544 2885 638 2944 Pleon.
659 2906 687 2958 p.
703 2891 769 2945 180.

136 3035 137 3038 ,
202 2979 290 3037 citans
318 2979 414 3035 AEseh.
444 2980 527 3036 Eum.
555 2986 632 3037 234.
650 2989 769 3057 monet,

201 3075 279 3147 μῆνιν
292 3073 337 3130 hie
350 3073 424 3130 idem
438 3092 497 3132 esse
510 3074 581 3149 quod
595 3073 705 3145 μήνιμα,
722 3093 769 3150 ap.

202 3167 340 3228 Honr.Il.
359 3169 398 3227 X.
419 3173 488 3227 358.
517 3166 574 3226 Od.
587 3172 624 3225 Λ.
645 3174 693 3232 73.
724 3169 769 3225 ubi

201 3262 405 3320 observandum
430 3271 472 3318 est
498 3262 570 3320 hanc
603 3280 701 3318 vocem
734 3263 768 3317 de

201 3355 263 3410 odio
284 3355 375 3412 divino
395 3356 589 3413 tantummodo
609 3356 744 3430 usurpari.

244 3482 331 3534 1255.
357 3479 498 3556 κρέοντος.
526 3482 638 3539 Πόντον
660 3481 768 3560 κρέοντι

201 3571 321 3626 occurrit
344 3573 440 3645 Eurip.
463 3575 550 3648 Hipp.
582 3574 669 3634 1168.
702 3578 768 3648 (Ed.

202 3663 304 3720 Monk.
328 3663 429 3736 1163.)
461 3668 507 3722 Ad
520 3669 581 3723 haec
595 3669 657 3725 loca
671 3671 770 3727 Eusta-

201 3759 276 3816 thius
303 3755 460 3833 respiciens,
499 3762 515 3813 ὀ
543 3765 636 3838 κρείων
671 3765 768 3843 inquit,

190 3849 253 3917 ,καί
280 3844 365 3926 ιφέων
397 3845 521 3918 λέγεται,
543 3849 622 3908 ’ὅθεν
654 3854 766 3912 Πόντον

202 3941 287 4024 “pbr
311 3947 330 4000 ὁ
362 3935 504 4000 Ποσειδείν
529 3944 596 4023 παρ’
622 3948 766 4029 Ευριπίδρ.

203 4036 291 4093 Plura
312 4035 388 4094 dedit
408 4036 528 4107 mun
550 4036 579 4095 In
603 4037 768 4116 locosupra

201 4130 296 4192 citato.

243 4236 317 4295 Ibid.
337 4238 546 4313 εὐσεβεστάτη.
565 4240 666 4299 Confer
674 4243 767 4301 Orest

207 4327 294 4390 1666.
320 4332 376 4390 θεοί
393 4333 423 4396 δέ
435 4359 480 4394 σοι
494 4337 564 4405 δίκης
572 4336 696 4416 βραβεΐς
708 4337 768 4394 Πεί-

823 1760 913 1807 γοισιν
939 1736 968 1796 ἐν
994 1737 1143 1816 Ἀρείοισιν
1176 1735 1399 1811 εὖσεβεστοίτην

825 1832 930 1907 ψηφον
943 1829 1084 1889 δεοίσοοσ’.

865 1939 954 2001 1256.
973 1941 1003 2000 ἔκ
1016 1965 1049 2012 γε
1062 1943 1126 1999 τοῦ.
1158 1941 1261 2018 Supple
1275 1942 1395 2024 χρόνον,

822 2044 853 2092 ut
874 2034 935 2091 a’rrd
955 2037 1009 2092 τοῦ
1032 2038 1076 2092 νῦν
1099 2035 1168 2095 Luc.
1189 2037 1299 2112 Evaug.
1321 2038 1406 2096 xxii.'

821 2128 871 2197 69.
910 2129 978 2185 Levi
992 2129 1147 2187 mutatione
1165 2153 1198 2201 γε
1215 2149 1266 2205 pro
1280 2155 1314 2188 τε
1328 2141 1396 2206 post

823 2222 954 2280 Schaeferi
988 2224 1175 2297 conjecturum
1217 2223 1289 2280 edidi
1326 2244 1393 2283 cum

823 2318 955 2376 Seidlero.

862 2433 949 2490 1257.
974 2426 1093 2506 δραμεῖν.
1122 2425 1250 2503 Intellige
1264 2427 1394 2500 κίνδυνον,

820 2529 869 2576 aut
882 2519 936 2578 tale
950 2520 1063 2595 aliquid,
1084 2522 1156 2596 quod
1174 2521 1255 2595 plene
1272 2522 1392 2599 Dionys.

818 2617 847 2670 in
875 2617 996 2673 Isocrate
1023 2616 1095 2672 dixit
1118 2618 1170 2673 ‘rdv
1197 2618 1259 2694 περί
1287 2620 1393 2698 ψυχῆς

820 2708 934 2788 τρέχων
959 2709 1085 2766 κίνδυνον.
1128 2709 1173 2769 Cf.
1197 2710 1294 2767 Orest.
1321 2709 1391 2777 869.

820 2804 883 2877 Iph.
898 2809 937 2862 A.
962 2803 1048 2862 1456.

863 2919 951 2972 1258.
986 2915 1206 2992 ’ἶσαι-ψῆφοι.
1257 2914 1392 2972 Orestem

821 3004 921 3080 aequali
947 3001 1141 3082 suffragiorum
1171 3026 1286 3064 numero
1312 3009 1396 3072 absoff

820 3101 912 3159 lutum
939 3121 999 3159 esse
1021 3111 1098 3176 patet
1120 3120 1157 3158 ex
1184 3103 1283 3159 AEsch.
1308 3103 1393 3159 Eum·

820 3201 891 3260 757.
922 3197 990 3252 Eur.
1004 3195 1068 3268 Iph.
1082 3196 1119 3251 T.
1132 3193 1201 3263 965.
1217 3200 1305 3261 1469.
1331 3214 1394 3271 quae

819 3289 882 3345 loca
895 3288 1063 3345 consuluisse
1078 3289 1217 3362 profuerit.
1252 3289 1392 3349 Consules

817 3382 902 3438 etiam
925 3381 1040 3437 Aristot.
1077 3381 1270 3439 Sect.xrr1x.
1304 3381 1392 3440 Prob.

822 3480 869 3547 13.
890 3473 937 3548 qui
950 3472 1053 3541 multus
1067 3473 1104 3528 ibi
1117 3473 1239 3532 rationes
1253 3473 1391 3547 assignat,

818 3585 877 3637 cur,
898 3584 963 3622 cum
985 3566 1139 3623 accusatori
1157 3576 1185 3624 et
1206 3585 1253 3625 reo
1275 3586 1327 3642 par
1340 3587 1394 3624 nu-

819 3679 911 3718 merus
937 3659 1108 3718 calculorum
1142 3661 1295 3736 contigerit,
1328 3679 1391 3719 reus

818 3754 1016 3813 absolveretur.
1068 3755 1162 3813 Schol.
1188 3756 1217 3813 in
1244 3755 1392 3830 Aristoph.

819 3851 892 3907 Ran.
915 3847 985 3916 697.
1018 3848 1092 3905 hune
1119 3850 1212 3908 locum
1239 3850 1310 3907 inter
1335 3847 1393 3906 alie

820 3946 920 4027 ditans,
934 3947 952 4013 η’
966 3944 1024 4000 τῶν
1037 3931 1156 4022 ψήφων,
1170 3945 1269 4021 Inquit,
1282 3933 1392 4012 lori‘rns,

820 4040 852 4110 ἣν
865 4041 1030 4116 ἰσοψηφίαν
1051 4043 1197 4112 καλοῦμεν,
1218 4037 1283 4093 roris
1303 4059 1393 4106 κατη.

817 4137 1000 4221 γορουμένουκ
1013 4137 1057 4223 καί
1070 4139 1227 4214 φεύγοντας
1241 4133 1371 4191 ἀπολέει.
1466 4178 1468 4182 -

866 4244 940 4302 Ibid.
988 4242 1169 4321 ἐκσσίζονσι.
1203 4242 1270 4300 Jure
1297 4241 1389 4299 forsan

818 4349 957 4415 exspectes
983 4341 1136 4400 ἐκσοσονσι
1172 4333 1244 4423 quod
1271 4337 1390 4412 conjecit
1439 4390 1445 4399 ,
1522 4368 1528 4379 ·
